 @book{muncaster, 
 place={Oxford}, 
 title={A-level physics},
 edition={4th Edition},
 publisher={Oxford University Press},
 author={Muncaster, Roger}, 
 isbn={978-0-7487-1584-8},
 year={1993}
 } 
 
 @book{Quantum,
 place={West Sussex},
 title={Quantum Mechanics: Concepts and Applications},
 edition ={2nd Edition},
 publisher={John Wiley and Sons Ltd.},
 author={Zettili, Nouredine},
 isbn={978-0-470-02679-3},
 year={2009}
}