@online{abel2019, 
    title = "What Are the Uses of Pendulums?", 
    url = "https://sciencing.com/uses-pendulums-8541430.html", 
    journal = "Sciencing", 
    author = "Abel, Mary", 
    year = "2019", 
    month = "Mar"
    }
    
@online{taylor2019, 
    title = "History of the Pendulum", 
    url = "https://sciencing.com/history-pendulum-4965313.html", 
    journal = "Sciencing", 
    author = "Taylor, Stacy", 
    year = "2019", 
    month = "Mar"
    }