 @book{muncaster, 
    place={Oxford}, 
    title={A-level physics},
    edition={4th Edition},
    publisher={Oxford University Press},
    author={Muncaster, Roger}, 
    isbn={978-0-7487-1584-8},
    year={1993}
 }
 
@book{hecht_2017, 
    place={Harlow, England}, 
    title={Optics}, 
    publisher={Pearson Education}, 
    author={Hecht, Eugene},
    edition={5th Edition}, 
    year={2017}
 } 