@book{muncaster,
title = "A level physics",
author = "Roger Muncaster",
isbn = "07487 1584 3",
year = "1993",
publisher = "Nelson Thornes Ltd",
}

@online{Photoelectric,
title = "Photoelectric Effect: Explanation and Application",
url = "https://www.livescience.com/58816-photoelectric-effect.html",
journal = "livescience",
urldate = "2021-12-10",
}
