 @online{radio, 
 title = "Physics of Radio",
 url = "https://physics.bu.edu/~duffy/semester2/c23_radio.html", 
 journal = "Physics",
 urldate = "2021-11-28",
    } 