@online{Numpy.Polyfit,
author = "numpy.org",
title = "numpy.polyfit",
url = "https://numpy.org/doc/stable/reference/generated/numpy.polyfit.html",
urldate = "2021-10-22"
}

@online{Numpy.Poly1D,
author = "numpy.org",
title = "numpy.poly1d",
url = "https://numpy.org/doc/stable/reference/generated/numpy.poly1d.html",
urldate = "2021-10-22"
}

@online{Scipy.org_CurveFit,
author = "scipy.org",
title = "scipy.org curve fit",
url = "https://docs.scipy.org/doc/scipy/reference/generated/scipy.optimize.curve_fit.html",
urldate = "2021-10-22"
}