 @book{muncaster, 
 place={Oxford}, 
 title={A-level physics},
 edition={3th Edition},
 publisher={Oxford University Press},
 author={Muncaster, Roger}, 
 isbn={978-0-7487-1584-8},
 year={1993}
 } 
 
 
@article{NTE,
author = {Koshi Takenaka},
title = {Negative thermal expansion materials: technological key for control of thermal expansion},
journal = {Science and Technology of Advanced Materials},
volume = {13},
number = {1},
pages = {013001},
year  = {2012},
publisher = {Taylor & Francis},
doi = {10.1088/1468-6996/13/1/013001},
URL = {https://doi.org/10.1088/1468-6996/13/1/013001},
eprint = {https://doi.org/10.1088/1468-6996/13/1/013001}
}

@article{miller2009negative,
  title={Negative thermal expansion: a review},
  author={Miller, W and Smith, CW and Mackenzie, DS and Evans, KE},
  journal={Journal of materials science},
  volume={44},
  number={20},
  pages={5441--5451},
  year={2009},
  publisher={Springer}
}

