 @book{muncaster, 
 place={Oxford}, 
 title={A-level physics}, 
 publisher={Oxford University Press},
 author={Muncaster, Roger}, 
 year={1993}
 } 

 @book{gresh, 
 place={Boston, MA}, 
 title={Compressor performance: Aerodynamics for the user}, 
 publisher={Butterworth-Heinemann}, 
 author={Gresh, M. Theodore}, 
 year={2001}
 }
 
  @article{mashkevich, 
  title={Statistical theory of an adiabatic process}, 
  volume={51}, 
  DOI={https://doi.org/10.1103/PhysRevE.51.245}, 
  number={1}, 
  journal={Phys. Rev. E}, 
  author={Mashkevich, Stefan  V. and Mashkevich, Vladimir  S.}, 
  year={1995}, 
  month={Jan}, 
  pages={245â€“253}
  } 