@online{thermalconductivityofmetals,
title = "metallic elements and alloys",
url = "https://www.engineeringtoolbox.com/thermal-conductivity-metals-d_858.html",
urldate = "2021-11-07"
}

@book{muncaster,
title = "A level physics",
author = "Roger Muncaster",
isbn = "07487 1584 3",
year = "1993",
publisher = "Nelson Thornes Ltd",
}

@book{thermobook,
title = "Thermal and Statistical Physics",
author = "Singh, R.B",
isbn = "9781906574758",
publisher = "New Academic Science",
year = "2011",
keywords = "Statistical physics ; Thermodynamics",
}